<record><leader>00000cas a22000007a 4500</leader><controlfield tag="001">15802900</controlfield><controlfield tag="008">870603d18821970iauwr ne      0    0eng d</controlfield><datafield ind1=" " ind2=" " tag="010"><subfield code="a">sn 87057733 </subfield></datafield><datafield ind1=" " ind2=" " tag="040"><subfield code="a">INP</subfield><subfield code="b">eng</subfield><subfield code="c">INP</subfield><subfield code="d">OCLCQ</subfield></datafield><datafield ind1=" " ind2=" " tag="042"><subfield code="a">msc</subfield></datafield><datafield ind1="0" ind2="0" tag="245"><subfield code="a">Brighton enterprise.</subfield></datafield><datafield ind1=" " ind2=" " tag="260"><subfield code="a">Brighton, Iowa :</subfield><subfield code="b">C.C. Heacock</subfield></datafield><datafield ind1=" " ind2=" " tag="300"><subfield code="a">v.</subfield></datafield><datafield ind1=" " ind2=" " tag="310"><subfield code="a">Weekly (except first Thursday in Aug.),</subfield><subfield code="b">&lt;1968-1970&gt;</subfield></datafield><datafield ind1=" " ind2=" " tag="321"><subfield code="a">Weekly,</subfield><subfield code="b">&lt;Nov. 10, 1888-</subfield></datafield><datafield ind1="1" ind2=" " tag="362"><subfield code="a">Began in Feb. 1882; ceased in 1970?</subfield></datafield><datafield ind1=" " ind2=" " tag="500"><subfield code="a">Publisher varies.</subfield></datafield><datafield ind1=" " ind2=" " tag="588"><subfield code="a">Description based on: Vol. 7, no. 39 (Nov. 10, 1888).</subfield></datafield><datafield ind1=" " ind2=" " tag="752"><subfield code="a">United States</subfield><subfield code="b">Iowa</subfield><subfield code="c">Washington</subfield><subfield code="d">Brighton.</subfield></datafield><datafield ind1="0" ind2="0" tag="780"><subfield code="t">Greenback world</subfield><subfield code="w">(DLC)sn 87058254</subfield></datafield><datafield ind1="0" ind2="5" tag="780"><subfield code="t">Brighton record (Brighton, Iowa)</subfield><subfield code="w">(DLC)sn 88059615</subfield></datafield><datafield ind1="0" ind2="0" tag="785"><subfield code="t">Brighton enterprise-news</subfield></datafield></record>